@book{bib:JouleMills,
    author    = {John A Joule and Keith Mills},
    title     = {Heterocyclic Chemistry},
    edition   = {Fifth},
    publisher = {John Wiley \& Sons},
    year      = {2010}
}

@online{bib:5-511Notes,
    author    = {Steven Labalme},
    title     = {{5.511 (Synthetic Organic Chemistry I)} Notes},
    year      = {2024},
    url       = {https://github.com/shadypuck/5-511Notes/blob/main/Notes/notes.pdf},
    urldate   = {2025-02-04}
}

@article{bib:DMGRev1,
    author    = {Victor Snieckus},
    title     = {Directed ortho metalation. Tertiary amide and \emph{O}-carbamate directors in synthetic strategies for polysubstituted aromatics},
    journal   = {Chemical Reviews},
    year      = {1990},
    volume    = {90},
    number    = {6},
    pages     = {879-933},
    doi       = {10.1021/cr00104a001}
}

@inbook{bib:DMGRev2,
    author    = {Christian G Hartung and Victor Snieckus},
    title     = {The Directed \emph{ortho} Metalation Reaction -- A Point of Departure for New Synthetic Aromatic Chemistry},
    booktitle = {Modern Arene Chemistry: Concepts, Synthesis, and Applications},
    year      = {2002},
    editor    = {Didier Astruc},
    chapter   = {10},
    pages     = {330-367},
    publisher = {Wiley-VCH},
    location  = {Weinheim}
}

@article{bib:DMGRev3,
    author    = {Gamal A El-Hiti and Keith Smith and Amany S Hegazy and Mohammed B Alshammari and Ali M Masmali},
    title     = {Directed lithiation of simple aromatics and heterocycles for synthesis of substituted derivatives},
    journal   = {ARKIVOC},
    volume    = {iv},
    year      = {2015},
    pages     = {19-47},
    doi       = {10.24820/ark.5550190.p008.744}
}

@article{bib:PyLatThermKin,
    author    = {David A Evans and Victor J Cee and Thomas E Smith and Keith J Santiago},
    title     = {Selective Lithiation of 2-Methyloxazoles. {A}pplications to Pivotal Bond Constructions in the Phorboxazole Nucleus},
    journal   = {Organic Letters},
    year      = {1999},
    volume    = {1},
    number    = {1},
    pages     = {87-90},
    doi       = {10.1021/ol990027r}
}

@article{bib:PyNOCl,
    author    = {Sarah E Wengryniuk and Andreas Weickgenannt and Christopher Reiher and Neil A Strotman and Ke Chen and Martin D Eastgate and Phil S Baran},
    title     = {Regioselective Bromination of Fused Heterocyclic \emph{N}-Oxides},
    journal   = {Organic Letters},
    year      = {2013},
    volume    = {15},
    number    = {4},
    pages     = {792-795},
    doi       = {10.1021/ol3034675}
}

@article{bib:Heck1,
    author    = {Richard Frederick Heck},
    title     = {Acylation, methylation, and carboxyalkylation of olefins by {Group VIII} metal derivatives},
    journal   = {Journal of the American Chemical Society},
    year      = {1968},
    volume    = {90},
    number    = {20},
    pages     = {5518-5526},
    doi       = {10.1021/ja01022a034}
}

@article{bib:Heck2,
    author    = {Richard Frederick Heck},
    title     = {The arylation of allylic alcohols with organopalladium compounds. {A} new synthesis of 3-aryl aldehydes and ketones},
    journal   = {Journal of the American Chemical Society},
    year      = {1968},
    volume    = {90},
    number    = {20},
    pages     = {5526-5531},
    doi       = {10.1021/ja01022a035}
}

@article{bib:Heck3,
    author    = {Richard Frederick Heck},
    title     = {Allylation of aromatic compounds with organopalladium salts},
    journal   = {Journal of the American Chemical Society},
    year      = {1968},
    volume    = {90},
    number    = {20},
    pages     = {5531-5534},
    doi       = {10.1021/ja01022a036}
}

@article{bib:Heck4,
    author    = {Richard Frederick Heck},
    title     = {The palladium-catalyzed arylation of enol esters, ethers, and halides. {A} new synthesis of 2-aryl aldehydes and ketones},
    journal   = {Journal of the American Chemical Society},
    year      = {1968},
    volume    = {90},
    number    = {20},
    pages     = {5535-5538},
    doi       = {10.1021/ja01022a037}
}

@article{bib:Heck5,
    author    = {Richard Frederick Heck},
    title     = {Aromatic haloethylation with palladium and copper halides},
    journal   = {Journal of the American Chemical Society},
    year      = {1968},
    volume    = {90},
    number    = {20},
    pages     = {5538-5542},
    doi       = {10.1021/ja01022a038}
}

@article{bib:Heck6,
    author    = {Richard Frederick Heck},
    title     = {The addition of alkyl- and arylpalladium chlorides to conjugated dienes},
    journal   = {Journal of the American Chemical Society},
    year      = {1968},
    volume    = {90},
    number    = {20},
    pages     = {5542-5546},
    doi       = {10.1021/ja01022a039}
}

@article{bib:Heck7,
    author    = {Richard Frederick Heck},
    title     = {A synthesis of diaryl ketones from arylmercuric salts},
    journal   = {Journal of the American Chemical Society},
    year      = {1968},
    volume    = {90},
    number    = {20},
    pages     = {5546-5548},
    doi       = {10.1021/ja01022a040}
}

@article{bib:BuchwaldRep,
    author    = {Shawn D Walker and Timothy E Barder and Joseph R Martinelli and Stephen Leffler Buchwald},
    title     = {A Rationally Designed Universal Catalyst for {Suzuki-Miyaura} Coupling Processes},
    journal   = {Angewandte Chemie, International Edition},
    year      = {2004},
    volume    = {43},
    number    = {14},
    pages     = {1871-1876},
    doi       = {10.1002/anie.200353615}
}

@article{bib:BuchwaldRev,
    author    = {Ruben Martin and Stephen Leffler Buchwald},
    title     = {Palladium-Catalyzed {Suzuki-Miyaura} Cross-Coupling Reactions Employing Dialkylbiaryl Phosphine Ligands},
    journal   = {Accounts of Chemical Research},
    year      = {2008},
    volume    = {41},
    number    = {11},
    pages     = {1461-1473},
    doi       = {10.1021/ar800036s}
}